<?xml version="1.0" encoding="UTF-8"?><collection xmlns="http://www.loc.gov/MARC21/slim"><record><leader>00528nam--2200181-i-4500</leader><controlfield tag="001">000019678</controlfield><controlfield tag="002">20161230</controlfield><controlfield tag="005">20161230201033</controlfield><controlfield tag="008">060222s1000------------r-----000-0-eng-d</controlfield><datafield ind1=" " ind2=" " tag="040"><subfield code="a">IFIN-HH</subfield></datafield><datafield ind1=" " ind2=" " tag="080"><subfield code="a">539.12.04:577.3:57.088.6</subfield></datafield><datafield ind1="1" ind2=" " tag="100"><subfield code="a">Elkind, Mortimer M</subfield></datafield><datafield ind1="1" ind2="0" tag="245"><subfield code="a">The radiobiology of cultured mammalian cells</subfield><subfield code="c">Mortimer m. elkind, gordon f. whitmore</subfield></datafield><datafield ind1=" " ind2=" " tag="260"><subfield code="a">New York</subfield><subfield code="b">Gordon And Breach</subfield><subfield code="c">1967</subfield></datafield><datafield ind1=" " ind2=" " tag="300"><subfield code="a">615 P</subfield></datafield><datafield ind1="1" ind2=" " tag="700"><subfield code="a">Whitmore, Gordon F</subfield></datafield><datafield ind1=" " ind2=" " tag="852"><subfield code="a">45079</subfield><subfield code="c">539.12.04</subfield></datafield><datafield ind1=" " ind2=" " tag="CAT"><subfield code="a">Sys</subfield><subfield code="c">20120207</subfield><subfield code="h">170359</subfield></datafield></record></collection>